@article{corrigan2016balloon,
  title={Balloon Hashing: Provably Space-Hard Hash Functions with Data-Independent Access Patterns.},
  author={Corrigan-Gibbs, Henry and Boneh, Dan and Schechter, Stuart E},
  journal={IACR Cryptology ePrint Archive},
  volume={2016},
  pages={27},
  year={2016}
}
