@article{corrigan2016balloon,
  title={Balloon Hashing: Provably Space-Hard Hash Functions with Data-Independent Access Patterns.},
  author={Corrigan-Gibbs, Henry and Boneh, Dan and Schechter, Stuart E},
  journal={IACR Cryptology ePrint Archive},
  volume={2016},
  pages={27},
  year={2016}
}
@inproceedings{alwen2015high,
  title={High parallel complexity graphs and memory-hard functions},
  author={Alwen, Jo{\"e}l and Serbinenko, Vladimir},
  booktitle={Proceedings of the forty-seventh annual ACM symposium on Theory of computing},
  pages={595--603},
  year={2015},
  organization={ACM}
}
@inproceedings{dziembowski2011one,
  title={One-time computable self-erasing functions},
  author={Dziembowski, Stefan and Kazana, Tomasz and Wichs, Daniel},
  booktitle={Theory of Cryptography Conference},
  pages={125--143},
  year={2011},
  organization={Springer}
}
@inproceedings{amdahl1967validity,
  title={Validity of the single processor approach to achieving large scale computing capabilities},
  author={Amdahl, Gene M},
  booktitle={Proceedings of the April 18-20, 1967, spring joint computer conference},
  pages={483--485},
  year={1967},
  organization={ACM}
}
