@article{corrigan2016balloon,
  title={Balloon Hashing: Provably Space-Hard Hash Functions with Data-Independent Access Patterns.},
  author={Corrigan-Gibbs, Henry and Boneh, Dan and Schechter, Stuart E},
  journal={IACR Cryptology ePrint Archive},
  volume={2016},
  pages={27},
  year={2016}
}
@inproceedings{dwork2005pebbling,
  title={Pebbling and proofs of work},
  author={Dwork, Cynthia and Naor, Moni and Wee, Hoeteck},
  booktitle={Annual International Cryptology Conference},
  pages={37--54},
  year={2005},
  organization={Springer}
}
